<?xml version="1.0" encoding="UTF-8"?><collection><record><leader>09454ntm a2200697 a 4500</leader><controlfield tag="001">006832848</controlfield><controlfield tag="003">MiAaHDL</controlfield><controlfield tag="005">20190719000000.0</controlfield><controlfield tag="006">m        d        </controlfield><controlfield tag="007">cr bn ---auaua</controlfield><controlfield tag="008">090629m17701811xx            00| ||ara d</controlfield><datafield tag="035" ind1=" " ind2=" "><subfield code="a">(MiU)006832848</subfield></datafield><datafield tag="035" ind1=" " ind2=" "><subfield code="a">sdr-miu006832848</subfield></datafield><datafield tag="040" ind1=" " ind2=" "><subfield code="a">MiU</subfield><subfield code="c">MiU</subfield><subfield code="e">amremm</subfield></datafield><datafield tag="043" ind1=" " ind2=" "><subfield code="a">n-us-mi</subfield></datafield><datafield tag="100" ind1="1" ind2=" "><subfield code="6">880-01</subfield><subfield code="a">Sanūsī, Muḥammad ibn Yūsuf,</subfield><subfield code="d">approximately 1427-approximately 1490.</subfield></datafield><datafield tag="245" ind1="1" ind2="0"><subfield code="6">880-03</subfield><subfield code="a">[Matn al-Ḥaqāʼiq maʻa Qiṣṣat al-shākī wa-lawʻāt al-bākī,</subfield><subfield code="f">1183, i.e. 1770 and 1226, i.e. 1811].</subfield></datafield><datafield tag="246" ind1="3" ind2="8"><subfield code="a">متن السنوسي متن الحقائق ولوعة الشاكي</subfield></datafield><datafield tag="246" ind1="3" ind2=" "><subfield code="i">Title of second work from inscription on verso of front flyleaf:</subfield><subfield code="a">لوعة الشاكي</subfield></datafield><datafield tag="246" ind1="3" ind2=" "><subfield code="i">Title of opening work from inscription on verso of front flyleaf:</subfield><subfield code="a">متن الحقائق</subfield></datafield><datafield tag="260" ind1=" " ind2=" "><subfield code="c">[1770 and 1811].</subfield></datafield><datafield tag="300" ind1=" " ind2=" "><subfield code="a">68 leaves :</subfield><subfield code="b">paper ;</subfield><subfield code="c">152 x 102 (102 x 64, 120 x 60, 115-125 x 75-80) mm. bound to 160 x 113 mm.</subfield></datafield><datafield tag="500" ind1=" " ind2=" "><subfield code="a">Shelfmark: Ann Arbor, University of Michigan, Special Collections Library, Isl. Ms. 959</subfield></datafield><datafield tag="500" ind1=" " ind2=" "><subfield code="a">Origin: As appears in colophon on p.19, transcription of opening work completed 3 [?] Shaʻbān 1226 [ca. 23 August 1811]. As appears in colophon on p.130, transcription of second work completed 8 Shawwāl 1183 [ca. 4 February 1770].</subfield></datafield><datafield tag="500" ind1=" " ind2=" "><subfield code="a">Former shelfmark: Mich. Isl. Ms. temp. no. 108</subfield></datafield><datafield tag="500" ind1=" " ind2=" "><subfield code="a">Binding: Boards covered in textured black cloth with black leather over spine (quarter binding) ; Western style binding ; pastedowns and flyleaves in wove paper printed with a floral vegetal pattern in pink and green ; spine gold-stamped with title and decorative accents over raised bands "متن السنوسي متن الحقائق ولوعة الشاكي" ; sewn in white thread over three recessed cords ; overall in fairly good condition with minor abrasion.</subfield></datafield><datafield tag="500" ind1=" " ind2=" "><subfield code="a">Support: European laid paper of three different types, each section in a distinct type ; opening section (carrying first work) in a type with 7 laid lines per cm. (horizontal), chain lines spaced 26-29 mm. apart (vertical), and three crescents watermark (perpendicular to chains, see pp.6, 8, 14, etc.), quite sturdy, dark cream in color, well-burnished, minor ink burn ; second section (carrying second work) mainly in a type with 6-7 laid lines per cm. (horizontal), chain lines spaced 25 mm. apart (vertical), and watermarks of three crescents (perpendicular to chains, see pp.26, 82, 86, 90, etc.) and possibly crown-star-crescent (see p.108, etc.), sturdy, medium cream in color, well-burnished ; replacement section (pp.41-60) in still another type with three crescents watermark (see pp.48, 50, 52).</subfield></datafield><datafield tag="500" ind1=" " ind2=" "><subfield code="a">Decoration: Keywords rubricated ; some overlining in red.</subfield></datafield><datafield tag="500" ind1=" " ind2=" "><subfield code="a">Script: Naskh ; two clear though somewhat awkward Egyptian hands, the opening hand in a bold line, the latter in a medium line ; opening hand supplying the first work (though p.19) large and serifless with slight effect of tilt to the left, elongation of many descenders, many closed counters, pointing in distinct dots except for three dots (represented by a curved stroke resembling an inverted comma), alif maqṣūrah usually pointed as yāʼ ; hand supplying second work (from p.21) small and seriffed with right sloping head-serifs on most ascenders, curvilinear descenders, pointing in distinct dots, alif maqṣūrah usually pointed as yāʼ ; replacement section (pp.41-60) in still a different hand, awkward, large, elongated and somewhat flattened in the horizontal.</subfield></datafield><datafield tag="500" ind1=" " ind2=" "><subfield code="a">Layout: Written in 15 and 17 lines per page ; frame-ruled (impression of ruling board visible (see pp.19-20, 132-134 in particular).</subfield></datafield><datafield tag="500" ind1=" " ind2=" "><subfield code="a">Collation: i, 6 V(60), III+2 (68), i ; almost exclusively quinions ; catchwords present ; pagination in pencil, Western numerals, supplied during digitization (mistakenly skips two pages between pp.121-122).</subfield></datafield><datafield tag="500" ind1=" " ind2=" "><subfield code="a">Colophon: [Matn al-Ḥaqāʼiq] "Scribal," triangular, reads "تم هذا الكتاب بحمد الله وعونه وحسن توفيقه في يوم الثلاث المبارك من شهر شعبان من شهور سنة ١٢٢٦ والله اعلم" ; [Qiṣṣat al-shākī wa-lawʻat al-bākī] "Scribal," triangular, reads "تمت هذه النسخة المباركة بحمد الله تعالى وعونه وحسن توفيقه والله اعلم ثمانية من شوال سنة ١١٨٣ من الهجرة النبوية "</subfield></datafield><datafield tag="500" ind1=" " ind2=" "><subfield code="a">Explicit: [Matn al-Ḥaqāʼiq] "في محل العبد مخالفا لامر الرب والخلالان مثله اللهم انا نسألك العصمة من هؤلاء وبالله التوفيق ولا حول ولا قوة الا بالله العلي العظيم وصلى الله على سيدنا محمد وعلى اله وصحبه وسلم تسليما كثيرا الى يوم الدين" ; [Qiṣṣat al-shākī wa-lawʻat al-bākī] "وهذا من لطف الله الكثير يسير لانه بالحال عليم خبير وبالاجابة جدير وهو على جمعهم اذا يشاء قدير ... وحسبنا الله ونعم الوكيل نعم المولى ونعم النصير"</subfield></datafield><datafield tag="500" ind1=" " ind2=" "><subfield code="a">Incipit: [Matn al-Ḥaqāʼiq] "هذه حقائق عقيدة الشيخ الفاضل ... سيدي محمد بن يوسف السنوسي ... حقيقة الحمد هو الثناء بالكلام على المحمود بجميل صفاته ..." ; [Qiṣṣat al-shākī wa-lawʻat al-bākī] "الحمد لله رب العالمين وصلى الله على سيدنا محمد وعلى اله وصحبه وسلم تسليما كثيرا ... اما بعد حمدا لله الذي قضى بالمحنة والولوع وحكم باحراق كبد كل عاشق وولوع ... وبعد فاني اعرف اخواني واصحابي وخلاتي واترابي سلمهم الله من فتكات العشق ..."</subfield></datafield><datafield tag="500" ind1=" " ind2=" "><subfield code="a">Title supplied by cataloguer from inscriptions on 'title pages' for opening work (p.1) and for second work (p.21).</subfield></datafield><datafield tag="500" ind1=" " ind2=" "><subfield code="a">Ms. composite codex.</subfield></datafield><datafield tag="505" ind1="0" ind2=" "><subfield code="a">3. p.21-p.130 : Kitāb Qiṣṣat al-shākī wa-lawʻat al-bākī [ayy Lawʻat al-shākī wa damʻat al-bākī] / lil-Shaykh al-Imām Ibn Ḥajalah [ayy li-Ṣalāḥ al-Dīn Khalīl ibn Aybak al-Ṣafadī].</subfield></datafield><datafield tag="505" ind1="0" ind2=" "><subfield code="a">2. p.20 : [blank].</subfield></datafield><datafield tag="505" ind1="0" ind2=" "><subfield code="a">1. p.1-p.19 : Hādhā Matn al-Ḥaqāʼiq / Muḥammad ibn Yūsuf al-Sanūsī.</subfield></datafield><datafield tag="510" ind1="4" ind2=" "><subfield code="a">Rosenthal, F. "Ṣafadī." In EI2,</subfield><subfield code="c">vol. VIII, p.759, col.1</subfield></datafield><datafield tag="510" ind1="4" ind2=" "><subfield code="a">Brockelmann, C. GAL,</subfield><subfield code="c">II 32 (no.10)</subfield></datafield><datafield tag="510" ind1="4" ind2=" "><subfield code="a">Brockelmann, C. GAL,</subfield><subfield code="c">II 250 ; S II 352</subfield></datafield><datafield tag="520" ind1="8" ind2=" "><subfield code="a">Composite manuscript opening with Abū ʻAbd Allāh Muḥammad ibn Yūsuf al-Sanūsī's (d.1490) elucidation of the terms utilized in his treatise on the essentials of faith, Umm al-barāhīn, followed by Lawʻat al-shākī wa damʻat al-bāqī, al-Ṣafadī’s (d.1363) maqāmah in rhymed prose and verse on the pangs of love between young men, on the 'title page' here entitled Qiṣṣat al-shākī wa-lawʻāt al-bākī and attributed to Ibn Ḥajalah.</subfield></datafield><datafield tag="538" ind1=" " ind2=" "><subfield code="a">Mode of access: Internet.</subfield></datafield><datafield tag="541" ind1=" " ind2=" "><subfield code="a">Acquired in the Fall of 1950.</subfield></datafield><datafield tag="546" ind1=" " ind2=" "><subfield code="a">Arabic.</subfield></datafield><datafield tag="561" ind1=" " ind2=" "><subfield code="a">On upper pastedown label with ex libris of James Heyworth-Dunne (d.1974), stamped with inventory numbers, "Ex Libris | J. Heyworth-Dunne | D. Lit. (London) | No. 7789" ; ownership statement on 'title page' of opening work (p.1) in name of Aḥmad Abū Ḥamāmah al-Ikhnāwī ( احمد ابو حمامة الاخناوي ) ; UM Library inscription on p.3 "Dunning | Heyworth-Dunne | 6-13-51 | 71955" ; ownership statements on 'title page' of second work (p.21) include statement in name of Muḥammad Yūsuf al-Ṣafatī [?] al-Ḥanafī al-Shādhilī ( محمد يوسف الصفتي الحنفي الشاذلي ) dated 1 Muḥarram 1292 [ca. 7 February 1875] and statement in name of al-Sayyid Ḥasan ibn al-Sayyid al-Marḥūm ʻAlī ( السيد حسن ابن السيد المرحوم علي ) ; reading / study notice on 'title page' of second work (p.21) in name of the aforementioned al-Sayyid Ḥasan ( السيد حسن ) ; occasional glosses and marginal corrections.</subfield></datafield><datafield tag="600" ind1="1" ind2="0"><subfield code="a">Sanūsī, Muḥammad ibn Yūsuf,</subfield><subfield code="d">ca.1427-ca.1490.</subfield><subfield code="t">Umm al-Barāhīn.</subfield><subfield code="v">Terminology.</subfield></datafield><datafield tag="650" ind1=" " ind2="0"><subfield code="a">Manuscripts, Arabic</subfield><subfield code="z">Michigan</subfield><subfield code="z">Ann Arbor.</subfield></datafield><datafield tag="650" ind1=" " ind2="0"><subfield code="a">Erotic literature, Arabic</subfield><subfield code="v">Early works to 1800.</subfield></datafield><datafield tag="650" ind1=" " ind2="0"><subfield code="a">Islam</subfield><subfield code="x">Doctrines</subfield><subfield code="x">Terminology</subfield><subfield code="v">Early works to 1800.</subfield></datafield><datafield tag="700" ind1="1" ind2=" "><subfield code="a">Heyworth-Dunne, J.</subfield><subfield code="q">(James),</subfield><subfield code="e">former owner.</subfield></datafield><datafield tag="700" ind1="0" ind2=" "><subfield code="6">880-07</subfield><subfield code="a">Muḥammad Yūsuf al-Ṣafatī,</subfield><subfield code="d">fl. 1875,</subfield><subfield code="e">former owner.</subfield></datafield><datafield tag="700" ind1="1" ind2="2"><subfield code="6">880-05</subfield><subfield code="a">Ṣafadī, Khalīl ibn Aybak,</subfield><subfield code="d">approximately 1297-1363.</subfield><subfield code="t">Lawʻat al-shākī wa damʻat al-bākī.</subfield></datafield><datafield tag="740" ind1="0" ind2="2"><subfield code="6">880-06</subfield><subfield code="a">Qiṣṣat al-shākī wa-lawʻat al-bākī</subfield></datafield><datafield tag="773" ind1="0" ind2=" "><subfield code="a">Heyworth-Dunne Collection.</subfield></datafield><datafield tag="880" ind1="0" ind2=" "><subfield code="6">700-07/</subfield><subfield code="a">محمد يوسف الصفتي،</subfield><subfield code="e">مالك سابق.</subfield></datafield><datafield tag="880" ind1="0" ind2="2"><subfield code="6">740-06/</subfield><subfield code="a">قصة الشاكي ولوعة الباكي</subfield></datafield><datafield tag="880" ind1="1" ind2="2"><subfield code="6">700-05/</subfield><subfield code="a">صفدي، خليل بن ايبك.</subfield><subfield code="t">لوعة الشاكي ودمعة الباكي.</subfield></datafield><datafield tag="880" ind1="1" ind2="0"><subfield code="6">245-03/</subfield><subfield code="a">[متن الحقائق مع قصة الشاكي ولوعة الباكي,</subfield><subfield code="f">1183ه, 1770م و 1226ه, 1811م].</subfield></datafield><datafield tag="880" ind1="1" ind2=" "><subfield code="6">100-01/</subfield><subfield code="a">سنوسي، محمد بن يوسف</subfield></datafield><datafield tag="CID" ind1=" " ind2=" "><subfield code="a">006832848</subfield></datafield><datafield tag="DAT" ind1="0" ind2=" "><subfield code="a">20190719102640.0</subfield><subfield code="b">20190719000000.0</subfield></datafield><datafield tag="DAT" ind1="1" ind2=" "><subfield code="a">20190719090653.0</subfield><subfield code="b">2019-07-19T16:12:22Z</subfield></datafield><datafield tag="DAT" ind1="2" ind2=" "><subfield code="a">2015-10-10T18:00:06Z</subfield></datafield><datafield tag="CAT" ind1=" " ind2=" "><subfield code="a">SDR-MIU</subfield><subfield code="d">EX LIBRIS - ALEPH</subfield><subfield code="l">prepare.pl-004-008</subfield></datafield><datafield tag="FMT" ind1=" " ind2=" "><subfield code="a">BK</subfield></datafield><datafield tag="HOL" ind1=" " ind2=" "><subfield code="0">sdr-miu006832848</subfield><subfield code="a">MiU</subfield><subfield code="b">SDR</subfield><subfield code="c">MIU</subfield><subfield code="p">mdp.39015079131408</subfield><subfield code="s">MIU</subfield><subfield code="1">006832848</subfield></datafield><datafield tag="974" ind1=" " ind2=" "><subfield code="b">MIU</subfield><subfield code="c">MIU</subfield><subfield code="d">20190719</subfield><subfield code="s">lit-dlps-dc</subfield><subfield code="u">mdp.39015079131408</subfield><subfield code="y">1811</subfield><subfield code="r">pd</subfield><subfield code="q">bib</subfield><subfield code="t">non-US bib date2, date type m &lt; 1896</subfield></datafield></record></collection>